<collection xmlns="http://www.loc.gov/MARC21/slim">
<record>
  <leader>01188nam0a2200229 i 450 </leader>
  <controlfield tag="001">IT\ICCU\CNCE\004531</controlfield>
  <controlfield tag="005">20080721000000.0</controlfield>
  <datafield tag="012" ind1=" " ind2=" ">
    <subfield code="a">ueho s:r. qau. Olpo (C) 1527 (R)</subfield>
    <subfield code="2">fei</subfield>
  </datafield>
  <datafield tag="100" ind1=" " ind2=" ">
    <subfield code="a">19970101d1527        0itac0103    ba</subfield>
  </datafield>
  <datafield tag="101" ind1=" " ind2=" ">
    <subfield code="a">LAT</subfield>
  </datafield>
  <datafield tag="102" ind1=" " ind2=" ">
    <subfield code="a">IT</subfield>
  </datafield>
  <datafield tag="200" ind1="1" ind2=" ">
    <subfield code="a">Vocabularium breue magistri Gasparini Bergomensis. In quo continentur omnia genera vocabulorum que in usu frequentur quottidiana consuetudine versantur. Incipiens a rebus diuinis ad res celestes, aereas, marittimas, terrestres, inanimatas ac animatas</subfield>
  </datafield>
  <datafield tag="210" ind1=" " ind2=" ">
    <subfield code="d">1527</subfield>
    <subfield code="e"></subfield>
    <subfield code="g">per Ioannem de Bolis</subfield>
    <subfield code="h">&amp; Costantinum de Raueribus</subfield>
    <subfield code="h">1528 die XV Nouembris</subfield>
  </datafield>
  <datafield tag="215" ind1=" " ind2=" ">
    <subfield code="a">\32! c.</subfield>
    <subfield code="d">8ʻ</subfield>
  </datafield>
  <datafield tag="620" ind1=" " ind2=" ">
    <subfield code="a">IT</subfield>
    <subfield code="d">Cesena</subfield>
  </datafield>
  <datafield tag="700" ind1=" " ind2="1">
    <subfield code="a">Barzizza,</subfield>
    <subfield code="b">Gasparino</subfield>
    <subfield code="3">IT\ICCU\CNCA\001444</subfield>
  </datafield>
  <datafield tag="712" ind1="0" ind2="0">
    <subfield code="a">Boli, Giovanni &amp; Raverio, Costantino</subfield>
    <subfield code="3">IT\ICCU\CNCT\000928</subfield>
    <subfield code="4">650</subfield>
  </datafield>
  <datafield tag="790" ind1=" " ind2="0">
    <subfield code="a">Gasparinus</subfield>
    <subfield code="c"> : Pergamensis</subfield>
    <subfield code="3">IT\ICCU\CNCA\012582</subfield>
    <subfield code="z">Barzizza, Gasparino</subfield>
  </datafield>
  <datafield tag="791" ind1="0" ind2="0">
    <subfield code="a">Bolis, Ioannes de &amp; Raveribus, Constantinus de</subfield>
    <subfield code="3">IT\ICCU\CNCT\003047</subfield>
    <subfield code="z">Boli, Giovanni &amp; Raverio, Costantino</subfield>
  </datafield>
  <datafield tag="801" ind1=" " ind2="3">
    <subfield code="a">IT</subfield>
    <subfield code="b">ICCU</subfield>
    <subfield code="c">20201113</subfield>
  </datafield>
  <datafield tag="899" ind1=" " ind2=" ">
    <subfield code="a">Biblioteca comunale Augusta. Perugia</subfield>
    <subfield code="1">PG0109</subfield>
    <subfield code="2">UM1 01</subfield>
  </datafield>
  <datafield tag="899" ind1=" " ind2=" ">
    <subfield code="a">Biblioteca comunale Fabrizio Trisi. Lugo</subfield>
    <subfield code="1">RA0025</subfield>
    <subfield code="2">RAV CE</subfield>
  </datafield>
</record>
</collection>
